<record><leader>00000cas a22000007a 4500</leader><controlfield tag="001">17991744</controlfield><controlfield tag="008">880524u19uuuuuutxuwr ne      0    0eng d</controlfield><datafield ind1=" " ind2=" " tag="010"><subfield code="a">sn 88083571 </subfield></datafield><datafield ind1=" " ind2=" " tag="040"><subfield code="a">PPM</subfield><subfield code="b">eng</subfield><subfield code="c">PPM</subfield><subfield code="d">OCLCQ</subfield></datafield><datafield ind1=" " ind2=" " tag="042"><subfield code="a">msc</subfield></datafield><datafield ind1="0" ind2="0" tag="245"><subfield code="a">Fredericksburg post.</subfield></datafield><datafield ind1=" " ind2=" " tag="260"><subfield code="a">Fredericksburg, Tex. :</subfield><subfield code="b">Willis Webb</subfield></datafield><datafield ind1=" " ind2=" " tag="310"><subfield code="a">Weekly</subfield></datafield><datafield ind1=" " ind2=" " tag="580"><subfield code="a">Merged with: Fredericksburg standard, to form: Fredericksburg standard radio post.</subfield></datafield><datafield ind1=" " ind2=" " tag="588"><subfield code="a">Description based on: Vol. 62, no. 31 (Apr. 4, 1984).</subfield></datafield><datafield ind1=" " ind2=" " tag="752"><subfield code="a">United States</subfield><subfield code="b">Texas</subfield><subfield code="c">Gillespie</subfield><subfield code="d">Fredericksburg.</subfield></datafield><datafield ind1="0" ind2="0" tag="780"><subfield code="t">Radio post</subfield></datafield><datafield ind1="1" ind2="7" tag="785"><subfield code="t">Fredericksburg standard</subfield></datafield><datafield ind1="1" ind2="7" tag="785"><subfield code="t">Fredericksburg standard radio post</subfield></datafield><datafield ind1="1" ind2=" " tag="029"><subfield code="a">AU@</subfield><subfield code="b">000025801366</subfield></datafield></record>